%YAML 1.1
%TAG !u! tag:unity3d.com,2011:
--- !u!29 &1
OcclusionCullingSettings:
  m_ObjectHideFlags: 0
  serializedVersion: 2
  m_OcclusionBakeSettings:
    smallestOccluder: 5
    smallestHole: 0.25
    backfaceThreshold: 100
  m_SceneGUID: 00000000000000000000000000000000
  m_OcclusionCullingData: {fileID: 0}
--- !u!104 &2
RenderSettings:
  m_ObjectHideFlags: 0
  serializedVersion: 9
  m_Fog: 0
  m_FogColor: {r: 0.5, g: 0.5, b: 0.5, a: 1}
  m_FogMode: 3
  m_FogDensity: 0.01
  m_LinearFogStart: 0
  m_LinearFogEnd: 300
  m_AmbientSkyColor: {r: 0.212, g: 0.227, b: 0.259, a: 1}
  m_AmbientEquatorColor: {r: 0.114, g: 0.125, b: 0.133, a: 1}
  m_AmbientGroundColor: {r: 0.047, g: 0.043, b: 0.035, a: 1}
  m_AmbientIntensity: 1
  m_AmbientMode: 0
  m_SubtractiveShadowColor: {r: 0.42, g: 0.478, b: 0.627, a: 1}
  m_SkyboxMaterial: {fileID: 10304, guid: 0000000000000000f000000000000000, type: 0}
  m_HaloStrength: 0.5
  m_FlareStrength: 1
  m_FlareFadeSpeed: 3
  m_HaloTexture: {fileID: 0}
  m_SpotCookie: {fileID: 10001, guid: 0000000000000000e000000000000000, type: 0}
  m_DefaultReflectionMode: 0
  m_DefaultReflectionResolution: 128
  m_ReflectionBounces: 1
  m_ReflectionIntensity: 1
  m_CustomReflection: {fileID: 0}
  m_Sun: {fileID: 0}
  m_IndirectSpecularColor: {r: 0.18028378, g: 0.22571412, b: 0.30692285, a: 1}
  m_UseRadianceAmbientProbe: 0
--- !u!157 &3
LightmapSettings:
  m_ObjectHideFlags: 0
  serializedVersion: 12
  m_GIWorkflowMode: 1
  m_GISettings:
    serializedVersion: 2
    m_BounceScale: 1
    m_IndirectOutputScale: 1
    m_AlbedoBoost: 1
    m_EnvironmentLightingMode: 0
    m_EnableBakedLightmaps: 1
    m_EnableRealtimeLightmaps: 0
  m_LightmapEditorSettings:
    serializedVersion: 12
    m_Resolution: 2
    m_BakeResolution: 40
    m_AtlasSize: 1024
    m_AO: 0
    m_AOMaxDistance: 1
    m_CompAOExponent: 1
    m_CompAOExponentDirect: 0
    m_ExtractAmbientOcclusion: 0
    m_Padding: 2
    m_LightmapParameters: {fileID: 0}
    m_LightmapsBakeMode: 1
    m_TextureCompression: 1
    m_FinalGather: 0
    m_FinalGatherFiltering: 1
    m_FinalGatherRayCount: 256
    m_ReflectionCompression: 2
    m_MixedBakeMode: 2
    m_BakeBackend: 1
    m_PVRSampling: 1
    m_PVRDirectSampleCount: 32
    m_PVRSampleCount: 512
    m_PVRBounces: 2
    m_PVREnvironmentSampleCount: 256
    m_PVREnvironmentReferencePointCount: 2048
    m_PVRFilteringMode: 1
    m_PVRDenoiserTypeDirect: 1
    m_PVRDenoiserTypeIndirect: 1
    m_PVRDenoiserTypeAO: 1
    m_PVRFilterTypeDirect: 0
    m_PVRFilterTypeIndirect: 0
    m_PVRFilterTypeAO: 0
    m_PVREnvironmentMIS: 1
    m_PVRCulling: 1
    m_PVRFilteringGaussRadiusDirect: 1
    m_PVRFilteringGaussRadiusIndirect: 5
    m_PVRFilteringGaussRadiusAO: 2
    m_PVRFilteringAtrousPositionSigmaDirect: 0.5
    m_PVRFilteringAtrousPositionSigmaIndirect: 2
    m_PVRFilteringAtrousPositionSigmaAO: 1
    m_ExportTrainingData: 0
    m_TrainingDataDestination: TrainingData
    m_LightProbeSampleCountMultiplier: 4
  m_LightingDataAsset: {fileID: 0}
  m_LightingSettings: {fileID: 0}
--- !u!196 &4
NavMeshSettings:
  serializedVersion: 2
  m_ObjectHideFlags: 0
  m_BuildSettings:
    serializedVersion: 2
    agentTypeID: 0
    agentRadius: 0.5
    agentHeight: 2
    agentSlope: 45
    agentClimb: 0.4
    ledgeDropHeight: 0
    maxJumpAcrossDistance: 0
    minRegionArea: 2
    manualCellSize: 0
    cellSize: 0.16666667
    manualTileSize: 0
    tileSize: 256
    accuratePlacement: 0
    maxJobWorkers: 0
    preserveTilesOutsideBounds: 0
    debug:
      m_Flags: 0
  m_NavMeshData: {fileID: 0}
--- !u!1 &137877182
GameObject:
  m_ObjectHideFlags: 0
  m_CorrespondingSourceObject: {fileID: 0}
  m_PrefabInstance: {fileID: 0}
  m_PrefabAsset: {fileID: 0}
  serializedVersion: 6
  m_Component:
  - component: {fileID: 137877184}
  - component: {fileID: 137877183}
  m_Layer: 0
  m_Name: Directional Light
  m_TagString: Untagged
  m_Icon: {fileID: 0}
  m_NavMeshLayer: 0
  m_StaticEditorFlags: 0
  m_IsActive: 1
--- !u!108 &137877183
Light:
  m_ObjectHideFlags: 0
  m_CorrespondingSourceObject: {fileID: 0}
  m_PrefabInstance: {fileID: 0}
  m_PrefabAsset: {fileID: 0}
  m_GameObject: {fileID: 137877182}
  m_Enabled: 1
  serializedVersion: 10
  m_Type: 1
  m_Shape: 0
  m_Color: {r: 1, g: 0.95686275, b: 0.8392157, a: 1}
  m_Intensity: 1
  m_Range: 10
  m_SpotAngle: 30
  m_InnerSpotAngle: 21.80208
  m_CookieSize: 10
  m_Shadows:
    m_Type: 2
    m_Resolution: -1
    m_CustomResolution: -1
    m_Strength: 1
    m_Bias: 0.05
    m_NormalBias: 0.4
    m_NearPlane: 0.2
    m_CullingMatrixOverride:
      e00: 1
      e01: 0
      e02: 0
      e03: 0
      e10: 0
      e11: 1
      e12: 0
      e13: 0
      e20: 0
      e21: 0
      e22: 1
      e23: 0
      e30: 0
      e31: 0
      e32: 0
      e33: 1
    m_UseCullingMatrixOverride: 0
  m_Cookie: {fileID: 0}
  m_DrawHalo: 0
  m_Flare: {fileID: 0}
  m_RenderMode: 0
  m_CullingMask:
    serializedVersion: 2
    m_Bits: 4294967295
  m_RenderingLayerMask: 1
  m_Lightmapping: 4
  m_LightShadowCasterMode: 0
  m_AreaSize: {x: 1, y: 1}
  m_BounceIntensity: 1
  m_ColorTemperature: 6570
  m_UseColorTemperature: 0
  m_BoundingSphereOverride: {x: 0, y: 0, z: 0, w: 0}
  m_UseBoundingSphereOverride: 0
  m_UseViewFrustumForShadowCasterCull: 1
  m_ShadowRadius: 0
  m_ShadowAngle: 0
--- !u!4 &137877184
Transform:
  m_ObjectHideFlags: 0
  m_CorrespondingSourceObject: {fileID: 0}
  m_PrefabInstance: {fileID: 0}
  m_PrefabAsset: {fileID: 0}
  m_GameObject: {fileID: 137877182}
  m_LocalRotation: {x: 0.40821788, y: -0.23456968, z: 0.10938163, w: 0.8754261}
  m_LocalPosition: {x: 0, y: 3, z: 0}
  m_LocalScale: {x: 1, y: 1, z: 1}
  m_Children: []
  m_Father: {fileID: 0}
  m_RootOrder: 6
  m_LocalEulerAnglesHint: {x: 50, y: -30, z: 0}
--- !u!1 &260986387
GameObject:
  m_ObjectHideFlags: 0
  m_CorrespondingSourceObject: {fileID: 0}
  m_PrefabInstance: {fileID: 0}
  m_PrefabAsset: {fileID: 0}
  serializedVersion: 6
  m_Component:
  - component: {fileID: 260986391}
  - component: {fileID: 260986390}
  - component: {fileID: 260986389}
  - component: {fileID: 260986388}
  m_Layer: 0
  m_Name: Cube marker (2)
  m_TagString: Untagged
  m_Icon: {fileID: 0}
  m_NavMeshLayer: 0
  m_StaticEditorFlags: 0
  m_IsActive: 1
--- !u!65 &260986388
BoxCollider:
  m_ObjectHideFlags: 0
  m_CorrespondingSourceObject: {fileID: 0}
  m_PrefabInstance: {fileID: 0}
  m_PrefabAsset: {fileID: 0}
  m_GameObject: {fileID: 260986387}
  m_Material: {fileID: 0}
  m_IsTrigger: 0
  m_Enabled: 1
  serializedVersion: 2
  m_Size: {x: 1, y: 1, z: 1}
  m_Center: {x: 0, y: 0, z: 0}
--- !u!23 &260986389
MeshRenderer:
  m_ObjectHideFlags: 0
  m_CorrespondingSourceObject: {fileID: 0}
  m_PrefabInstance: {fileID: 0}
  m_PrefabAsset: {fileID: 0}
  m_GameObject: {fileID: 260986387}
  m_Enabled: 1
  m_CastShadows: 1
  m_ReceiveShadows: 1
  m_DynamicOccludee: 1
  m_MotionVectors: 1
  m_LightProbeUsage: 1
  m_ReflectionProbeUsage: 1
  m_RayTracingMode: 2
  m_RayTraceProcedural: 0
  m_RenderingLayerMask: 1
  m_RendererPriority: 0
  m_Materials:
  - {fileID: 2100000, guid: d882d5cb655dd83478cc947fbb5be5ee, type: 2}
  m_StaticBatchInfo:
    firstSubMesh: 0
    subMeshCount: 0
  m_StaticBatchRoot: {fileID: 0}
  m_ProbeAnchor: {fileID: 0}
  m_LightProbeVolumeOverride: {fileID: 0}
  m_ScaleInLightmap: 1
  m_ReceiveGI: 1
  m_PreserveUVs: 0
  m_IgnoreNormalsForChartDetection: 0
  m_ImportantGI: 0
  m_StitchLightmapSeams: 1
  m_SelectedEditorRenderState: 3
  m_MinimumChartSize: 4
  m_AutoUVMaxDistance: 0.5
  m_AutoUVMaxAngle: 89
  m_LightmapParameters: {fileID: 0}
  m_SortingLayerID: 0
  m_SortingLayer: 0
  m_SortingOrder: 0
  m_AdditionalVertexStreams: {fileID: 0}
--- !u!33 &260986390
MeshFilter:
  m_ObjectHideFlags: 0
  m_CorrespondingSourceObject: {fileID: 0}
  m_PrefabInstance: {fileID: 0}
  m_PrefabAsset: {fileID: 0}
  m_GameObject: {fileID: 260986387}
  m_Mesh: {fileID: 10207, guid: 0000000000000000e000000000000000, type: 0}
--- !u!4 &260986391
Transform:
  m_ObjectHideFlags: 0
  m_CorrespondingSourceObject: {fileID: 0}
  m_PrefabInstance: {fileID: 0}
  m_PrefabAsset: {fileID: 0}
  m_GameObject: {fileID: 260986387}
  m_LocalRotation: {x: 0, y: 0, z: 0, w: 1}
  m_LocalPosition: {x: -143.75, y: 8.0809, z: 29.048}
  m_LocalScale: {x: 0.01, y: 0.01, z: 0.01}
  m_Children: []
  m_Father: {fileID: 0}
  m_RootOrder: 12
  m_LocalEulerAnglesHint: {x: 0, y: 0, z: 0}
--- !u!1001 &619631008
PrefabInstance:
  m_ObjectHideFlags: 0
  serializedVersion: 2
  m_Modification:
    m_TransformParent: {fileID: 1236796163}
    m_Modifications:
    - target: {fileID: -8679921383154817045, guid: bd129abfa2354894d867541b77a0af07, type: 3}
      propertyPath: m_RootOrder
      value: 0
      objectReference: {fileID: 0}
    - target: {fileID: -8679921383154817045, guid: bd129abfa2354894d867541b77a0af07, type: 3}
      propertyPath: m_LocalPosition.x
      value: -0
      objectReference: {fileID: 0}
    - target: {fileID: -8679921383154817045, guid: bd129abfa2354894d867541b77a0af07, type: 3}
      propertyPath: m_LocalPosition.y
      value: 0.221
      objectReference: {fileID: 0}
    - target: {fileID: -8679921383154817045, guid: bd129abfa2354894d867541b77a0af07, type: 3}
      propertyPath: m_LocalPosition.z
      value: 0
      objectReference: {fileID: 0}
    - target: {fileID: -8679921383154817045, guid: bd129abfa2354894d867541b77a0af07, type: 3}
      propertyPath: m_LocalRotation.w
      value: 1
      objectReference: {fileID: 0}
    - target: {fileID: -8679921383154817045, guid: bd129abfa2354894d867541b77a0af07, type: 3}
      propertyPath: m_LocalRotation.x
      value: 0
      objectReference: {fileID: 0}
    - target: {fileID: -8679921383154817045, guid: bd129abfa2354894d867541b77a0af07, type: 3}
      propertyPath: m_LocalRotation.y
      value: -0
      objectReference: {fileID: 0}
    - target: {fileID: -8679921383154817045, guid: bd129abfa2354894d867541b77a0af07, type: 3}
      propertyPath: m_LocalRotation.z
      value: -0
      objectReference: {fileID: 0}
    - target: {fileID: -8679921383154817045, guid: bd129abfa2354894d867541b77a0af07, type: 3}
      propertyPath: m_LocalEulerAnglesHint.x
      value: 0
      objectReference: {fileID: 0}
    - target: {fileID: -8679921383154817045, guid: bd129abfa2354894d867541b77a0af07, type: 3}
      propertyPath: m_LocalEulerAnglesHint.y
      value: 0
      objectReference: {fileID: 0}
    - target: {fileID: -8679921383154817045, guid: bd129abfa2354894d867541b77a0af07, type: 3}
      propertyPath: m_LocalEulerAnglesHint.z
      value: 0
      objectReference: {fileID: 0}
    - target: {fileID: -3887185075125053422, guid: bd129abfa2354894d867541b77a0af07, type: 3}
      propertyPath: m_DirtyAABB
      value: 0
      objectReference: {fileID: 0}
    - target: {fileID: -3887185075125053422, guid: bd129abfa2354894d867541b77a0af07, type: 3}
      propertyPath: m_AABB.m_Center.y
      value: -0.013075251
      objectReference: {fileID: 0}
    - target: {fileID: -3887185075125053422, guid: bd129abfa2354894d867541b77a0af07, type: 3}
      propertyPath: m_AABB.m_Center.z
      value: 0.025753565
      objectReference: {fileID: 0}
    - target: {fileID: -3887185075125053422, guid: bd129abfa2354894d867541b77a0af07, type: 3}
      propertyPath: m_AABB.m_Extent.x
      value: 0.07743095
      objectReference: {fileID: 0}
    - target: {fileID: -3887185075125053422, guid: bd129abfa2354894d867541b77a0af07, type: 3}
      propertyPath: m_AABB.m_Extent.y
      value: 0.09569302
      objectReference: {fileID: 0}
    - target: {fileID: -3887185075125053422, guid: bd129abfa2354894d867541b77a0af07, type: 3}
      propertyPath: m_AABB.m_Extent.z
      value: 0.050112233
      objectReference: {fileID: 0}
    - target: {fileID: 919132149155446097, guid: bd129abfa2354894d867541b77a0af07, type: 3}
      propertyPath: m_Name
      value: A
      objectReference: {fileID: 0}
    m_RemovedComponents: []
  m_SourcePrefab: {fileID: 100100000, guid: bd129abfa2354894d867541b77a0af07, type: 3}
--- !u!4 &619631009 stripped
Transform:
  m_CorrespondingSourceObject: {fileID: -8679921383154817045, guid: bd129abfa2354894d867541b77a0af07, type: 3}
  m_PrefabInstance: {fileID: 619631008}
  m_PrefabAsset: {fileID: 0}
--- !u!1 &619631010 stripped
GameObject:
  m_CorrespondingSourceObject: {fileID: 919132149155446097, guid: bd129abfa2354894d867541b77a0af07, type: 3}
  m_PrefabInstance: {fileID: 619631008}
  m_PrefabAsset: {fileID: 0}
--- !u!114 &619631011
MonoBehaviour:
  m_ObjectHideFlags: 0
  m_CorrespondingSourceObject: {fileID: 0}
  m_PrefabInstance: {fileID: 0}
  m_PrefabAsset: {fileID: 0}
  m_GameObject: {fileID: 619631010}
  m_Enabled: 1
  m_EditorHideFlags: 0
  m_Script: {fileID: 11500000, guid: 8a4eb89d562a42f4c8e5e992c9900833, type: 3}
  m_Name: 
  m_EditorClassIdentifier: 
  outputBlendshapes: {fileID: 1612566216}
  _activeVerts: 
  _blendshapeIndices: 000000000100000002000000030000000400000008000000
--- !u!1 &624266375
GameObject:
  m_ObjectHideFlags: 0
  m_CorrespondingSourceObject: {fileID: 919132149155446097, guid: ce263168f3dc09b459eb027d51b3d94b, type: 3}
  m_PrefabInstance: {fileID: 1880234399}
  m_PrefabAsset: {fileID: 0}
  serializedVersion: 6
  m_Component:
  - component: {fileID: 624266376}
  m_Layer: 0
  m_Name: canonical_face_model (1)
  m_TagString: Untagged
  m_Icon: {fileID: 0}
  m_NavMeshLayer: 0
  m_StaticEditorFlags: 0
  m_IsActive: 0
--- !u!4 &624266376
Transform:
  m_ObjectHideFlags: 0
  m_CorrespondingSourceObject: {fileID: -8679921383154817045, guid: ce263168f3dc09b459eb027d51b3d94b, type: 3}
  m_PrefabInstance: {fileID: 1880234399}
  m_PrefabAsset: {fileID: 0}
  m_GameObject: {fileID: 624266375}
  m_LocalRotation: {x: 0, y: 1, z: 0, w: 0}
  m_LocalPosition: {x: -260, y: 7.116, z: 4.4391}
  m_LocalScale: {x: 5.21291, y: 5.21291, z: 5.21291}
  m_Children:
  - {fileID: 1186218611}
  m_Father: {fileID: 0}
  m_RootOrder: 9
  m_LocalEulerAnglesHint: {x: 0, y: 180, z: 0}
--- !u!1001 &854505200
PrefabInstance:
  m_ObjectHideFlags: 0
  serializedVersion: 2
  m_Modification:
    m_TransformParent: {fileID: 0}
    m_Modifications:
    - target: {fileID: -8679921383154817045, guid: bd129abfa2354894d867541b77a0af07, type: 3}
      propertyPath: m_RootOrder
      value: 1
      objectReference: {fileID: 0}
    - target: {fileID: -8679921383154817045, guid: bd129abfa2354894d867541b77a0af07, type: 3}
      propertyPath: m_LocalPosition.x
      value: -1.439
      objectReference: {fileID: 0}
    - target: {fileID: -8679921383154817045, guid: bd129abfa2354894d867541b77a0af07, type: 3}
      propertyPath: m_LocalPosition.y
      value: 0
      objectReference: {fileID: 0}
    - target: {fileID: -8679921383154817045, guid: bd129abfa2354894d867541b77a0af07, type: 3}
      propertyPath: m_LocalPosition.z
      value: 0
      objectReference: {fileID: 0}
    - target: {fileID: -8679921383154817045, guid: bd129abfa2354894d867541b77a0af07, type: 3}
      propertyPath: m_LocalRotation.w
      value: 1
      objectReference: {fileID: 0}
    - target: {fileID: -8679921383154817045, guid: bd129abfa2354894d867541b77a0af07, type: 3}
      propertyPath: m_LocalRotation.x
      value: 0
      objectReference: {fileID: 0}
    - target: {fileID: -8679921383154817045, guid: bd129abfa2354894d867541b77a0af07, type: 3}
      propertyPath: m_LocalRotation.y
      value: -0
      objectReference: {fileID: 0}
    - target: {fileID: -8679921383154817045, guid: bd129abfa2354894d867541b77a0af07, type: 3}
      propertyPath: m_LocalRotation.z
      value: -0
      objectReference: {fileID: 0}
    - target: {fileID: -8679921383154817045, guid: bd129abfa2354894d867541b77a0af07, type: 3}
      propertyPath: m_LocalEulerAnglesHint.x
      value: 0
      objectReference: {fileID: 0}
    - target: {fileID: -8679921383154817045, guid: bd129abfa2354894d867541b77a0af07, type: 3}
      propertyPath: m_LocalEulerAnglesHint.y
      value: 0
      objectReference: {fileID: 0}
    - target: {fileID: -8679921383154817045, guid: bd129abfa2354894d867541b77a0af07, type: 3}
      propertyPath: m_LocalEulerAnglesHint.z
      value: 0
      objectReference: {fileID: 0}
    - target: {fileID: -3887185075125053422, guid: bd129abfa2354894d867541b77a0af07, type: 3}
      propertyPath: m_DirtyAABB
      value: 0
      objectReference: {fileID: 0}
    - target: {fileID: -3887185075125053422, guid: bd129abfa2354894d867541b77a0af07, type: 3}
      propertyPath: m_AABB.m_Center.y
      value: -0.013075251
      objectReference: {fileID: 0}
    - target: {fileID: -3887185075125053422, guid: bd129abfa2354894d867541b77a0af07, type: 3}
      propertyPath: m_AABB.m_Center.z
      value: 0.025753565
      objectReference: {fileID: 0}
    - target: {fileID: -3887185075125053422, guid: bd129abfa2354894d867541b77a0af07, type: 3}
      propertyPath: m_AABB.m_Extent.x
      value: 0.07743095
      objectReference: {fileID: 0}
    - target: {fileID: -3887185075125053422, guid: bd129abfa2354894d867541b77a0af07, type: 3}
      propertyPath: m_AABB.m_Extent.y
      value: 0.09569302
      objectReference: {fileID: 0}
    - target: {fileID: -3887185075125053422, guid: bd129abfa2354894d867541b77a0af07, type: 3}
      propertyPath: m_AABB.m_Extent.z
      value: 0.050112233
      objectReference: {fileID: 0}
    - target: {fileID: -3887185075125053422, guid: bd129abfa2354894d867541b77a0af07, type: 3}
      propertyPath: m_BlendShapeWeights.Array.size
      value: 14
      objectReference: {fileID: 0}
    - target: {fileID: -3887185075125053422, guid: bd129abfa2354894d867541b77a0af07, type: 3}
      propertyPath: m_BlendShapeWeights.Array.data[1]
      value: 50
      objectReference: {fileID: 0}
    - target: {fileID: -3887185075125053422, guid: bd129abfa2354894d867541b77a0af07, type: 3}
      propertyPath: m_BlendShapeWeights.Array.data[2]
      value: 50
      objectReference: {fileID: 0}
    - target: {fileID: -3887185075125053422, guid: bd129abfa2354894d867541b77a0af07, type: 3}
      propertyPath: m_BlendShapeWeights.Array.data[7]
      value: 100
      objectReference: {fileID: 0}
    - target: {fileID: -3887185075125053422, guid: bd129abfa2354894d867541b77a0af07, type: 3}
      propertyPath: m_BlendShapeWeights.Array.data[9]
      value: 50
      objectReference: {fileID: 0}
    - target: {fileID: 919132149155446097, guid: bd129abfa2354894d867541b77a0af07, type: 3}
      propertyPath: m_Name
      value: A
      objectReference: {fileID: 0}
    m_RemovedComponents: []
  m_SourcePrefab: {fileID: 100100000, guid: bd129abfa2354894d867541b77a0af07, type: 3}
--- !u!1 &854505201 stripped
GameObject:
  m_CorrespondingSourceObject: {fileID: 919132149155446097, guid: bd129abfa2354894d867541b77a0af07, type: 3}
  m_PrefabInstance: {fileID: 854505200}
  m_PrefabAsset: {fileID: 0}
--- !u!114 &854505204
MonoBehaviour:
  m_ObjectHideFlags: 0
  m_CorrespondingSourceObject: {fileID: 0}
  m_PrefabInstance: {fileID: 0}
  m_PrefabAsset: {fileID: 0}
  m_GameObject: {fileID: 854505201}
  m_Enabled: 1
  m_EditorHideFlags: 0
  m_Script: {fileID: 11500000, guid: 95afeb9fb3f4a42498c3479511b777ab, type: 3}
  m_Name: 
  m_EditorClassIdentifier: 
  _vertInd: 0
  _vertexCoords: {x: 0, y: 0, z: 0}
  _marker: {fileID: 260986391}
--- !u!1 &1051820677
GameObject:
  m_ObjectHideFlags: 0
  m_CorrespondingSourceObject: {fileID: 0}
  m_PrefabInstance: {fileID: 0}
  m_PrefabAsset: {fileID: 0}
  serializedVersion: 6
  m_Component:
  - component: {fileID: 1051820680}
  - component: {fileID: 1051820679}
  - component: {fileID: 1051820678}
  m_Layer: 0
  m_Name: Main Camera
  m_TagString: MainCamera
  m_Icon: {fileID: 0}
  m_NavMeshLayer: 0
  m_StaticEditorFlags: 0
  m_IsActive: 1
--- !u!81 &1051820678
AudioListener:
  m_ObjectHideFlags: 0
  m_CorrespondingSourceObject: {fileID: 0}
  m_PrefabInstance: {fileID: 0}
  m_PrefabAsset: {fileID: 0}
  m_GameObject: {fileID: 1051820677}
  m_Enabled: 1
--- !u!20 &1051820679
Camera:
  m_ObjectHideFlags: 0
  m_CorrespondingSourceObject: {fileID: 0}
  m_PrefabInstance: {fileID: 0}
  m_PrefabAsset: {fileID: 0}
  m_GameObject: {fileID: 1051820677}
  m_Enabled: 1
  serializedVersion: 2
  m_ClearFlags: 1
  m_BackGroundColor: {r: 0.19215687, g: 0.3019608, b: 0.4745098, a: 0}
  m_projectionMatrixMode: 1
  m_GateFitMode: 2
  m_FOVAxisMode: 0
  m_SensorSize: {x: 36, y: 24}
  m_LensShift: {x: 0, y: 0}
  m_FocalLength: 50
  m_NormalizedViewPortRect:
    serializedVersion: 2
    x: 0
    y: 0
    width: 1
    height: 1
  near clip plane: 0.3
  far clip plane: 200.69
  field of view: 60
  orthographic: 1
  orthographic size: 72.44
  m_Depth: -1
  m_CullingMask:
    serializedVersion: 2
    m_Bits: 4294967295
  m_RenderingPath: -1
  m_TargetTexture: {fileID: 0}
  m_TargetDisplay: 0
  m_TargetEye: 3
  m_HDR: 1
  m_AllowMSAA: 1
  m_AllowDynamicResolution: 0
  m_ForceIntoRT: 0
  m_OcclusionCulling: 1
  m_StereoConvergence: 10
  m_StereoSeparation: 0.022
--- !u!4 &1051820680
Transform:
  m_ObjectHideFlags: 0
  m_CorrespondingSourceObject: {fileID: 0}
  m_PrefabInstance: {fileID: 0}
  m_PrefabAsset: {fileID: 0}
  m_GameObject: {fileID: 1051820677}
  m_LocalRotation: {x: 0, y: 0, z: 0, w: 1}
  m_LocalPosition: {x: -88.1, y: 0, z: -100.37}
  m_LocalScale: {x: 1, y: 1, z: 1}
  m_Children: []
  m_Father: {fileID: 0}
  m_RootOrder: 0
  m_LocalEulerAnglesHint: {x: 0, y: 0, z: 0}
--- !u!1 &1144741937
GameObject:
  m_ObjectHideFlags: 0
  m_CorrespondingSourceObject: {fileID: 0}
  m_PrefabInstance: {fileID: 0}
  m_PrefabAsset: {fileID: 0}
  serializedVersion: 6
  m_Component:
  - component: {fileID: 1144741939}
  - component: {fileID: 1144741938}
  m_Layer: 0
  m_Name: compare
  m_TagString: Untagged
  m_Icon: {fileID: 0}
  m_NavMeshLayer: 0
  m_StaticEditorFlags: 0
  m_IsActive: 0
--- !u!114 &1144741938
MonoBehaviour:
  m_ObjectHideFlags: 0
  m_CorrespondingSourceObject: {fileID: 0}
  m_PrefabInstance: {fileID: 0}
  m_PrefabAsset: {fileID: 0}
  m_GameObject: {fileID: 1144741937}
  m_Enabled: 0
  m_EditorHideFlags: 0
  m_Script: {fileID: 11500000, guid: 170f1316b6c103048b8fd13812f08a70, type: 3}
  m_Name: 
  m_EditorClassIdentifier: 
  _skinnedMeshA: {fileID: 1920441758}
  _skinnedMeshB: {fileID: 0}
--- !u!4 &1144741939
Transform:
  m_ObjectHideFlags: 0
  m_CorrespondingSourceObject: {fileID: 0}
  m_PrefabInstance: {fileID: 0}
  m_PrefabAsset: {fileID: 0}
  m_GameObject: {fileID: 1144741937}
  m_LocalRotation: {x: 0, y: 0, z: 0, w: 1}
  m_LocalPosition: {x: 0, y: -0.009381369, z: 0.025753565}
  m_LocalScale: {x: 1, y: 1, z: 1}
  m_Children: []
  m_Father: {fileID: 0}
  m_RootOrder: 8
  m_LocalEulerAnglesHint: {x: 0, y: 0, z: 0}
--- !u!1 &1186218610
GameObject:
  m_ObjectHideFlags: 0
  m_CorrespondingSourceObject: {fileID: 8164078558771037576, guid: ce263168f3dc09b459eb027d51b3d94b, type: 3}
  m_PrefabInstance: {fileID: 1880234399}
  m_PrefabAsset: {fileID: 0}
  serializedVersion: 6
  m_Component:
  - component: {fileID: 1186218611}
  - component: {fileID: 1186218613}
  - component: {fileID: 1186218612}
  m_Layer: 0
  m_Name: default
  m_TagString: Untagged
  m_Icon: {fileID: 0}
  m_NavMeshLayer: 0
  m_StaticEditorFlags: 0
  m_IsActive: 1
--- !u!4 &1186218611
Transform:
  m_ObjectHideFlags: 0
  m_CorrespondingSourceObject: {fileID: 1151388028547126963, guid: ce263168f3dc09b459eb027d51b3d94b, type: 3}
  m_PrefabInstance: {fileID: 1880234399}
  m_PrefabAsset: {fileID: 0}
  m_GameObject: {fileID: 1186218610}
  m_LocalRotation: {x: 0, y: -0, z: -0, w: 1}
  m_LocalPosition: {x: -0, y: 0, z: 0}
  m_LocalScale: {x: 1, y: 1, z: 1}
  m_Children: []
  m_Father: {fileID: 624266376}
  m_RootOrder: 0
  m_LocalEulerAnglesHint: {x: 0, y: 0, z: 0}
--- !u!23 &1186218612
MeshRenderer:
  m_ObjectHideFlags: 0
  m_CorrespondingSourceObject: {fileID: -7635826562936255635, guid: ce263168f3dc09b459eb027d51b3d94b, type: 3}
  m_PrefabInstance: {fileID: 1880234399}
  m_PrefabAsset: {fileID: 0}
  m_GameObject: {fileID: 1186218610}
  m_Enabled: 1
  m_CastShadows: 1
  m_ReceiveShadows: 1
  m_DynamicOccludee: 1
  m_MotionVectors: 1
  m_LightProbeUsage: 1
  m_ReflectionProbeUsage: 1
  m_RayTracingMode: 2
  m_RayTraceProcedural: 0
  m_RenderingLayerMask: 1
  m_RendererPriority: 0
  m_Materials:
  - {fileID: -3033667219593020291, guid: ce263168f3dc09b459eb027d51b3d94b, type: 3}
  m_StaticBatchInfo:
    firstSubMesh: 0
    subMeshCount: 0
  m_StaticBatchRoot: {fileID: 0}
  m_ProbeAnchor: {fileID: 0}
  m_LightProbeVolumeOverride: {fileID: 0}
  m_ScaleInLightmap: 1
  m_ReceiveGI: 1
  m_PreserveUVs: 0
  m_IgnoreNormalsForChartDetection: 0
  m_ImportantGI: 0
  m_StitchLightmapSeams: 1
  m_SelectedEditorRenderState: 3
  m_MinimumChartSize: 4
  m_AutoUVMaxDistance: 0.5
  m_AutoUVMaxAngle: 89
  m_LightmapParameters: {fileID: 0}
  m_SortingLayerID: 0
  m_SortingLayer: 0
  m_SortingOrder: 0
  m_AdditionalVertexStreams: {fileID: 0}
--- !u!33 &1186218613
MeshFilter:
  m_ObjectHideFlags: 0
  m_CorrespondingSourceObject: {fileID: -6400281290468069383, guid: ce263168f3dc09b459eb027d51b3d94b, type: 3}
  m_PrefabInstance: {fileID: 1880234399}
  m_PrefabAsset: {fileID: 0}
  m_GameObject: {fileID: 1186218610}
  m_Mesh: {fileID: -2432090755550338912, guid: ce263168f3dc09b459eb027d51b3d94b, type: 3}
--- !u!1 &1236796162
GameObject:
  m_ObjectHideFlags: 0
  m_CorrespondingSourceObject: {fileID: 0}
  m_PrefabInstance: {fileID: 0}
  m_PrefabAsset: {fileID: 0}
  serializedVersion: 6
  m_Component:
  - component: {fileID: 1236796163}
  m_Layer: 0
  m_Name: estimate
  m_TagString: Untagged
  m_Icon: {fileID: 0}
  m_NavMeshLayer: 0
  m_StaticEditorFlags: 0
  m_IsActive: 0
--- !u!4 &1236796163
Transform:
  m_ObjectHideFlags: 0
  m_CorrespondingSourceObject: {fileID: 0}
  m_PrefabInstance: {fileID: 0}
  m_PrefabAsset: {fileID: 0}
  m_GameObject: {fileID: 1236796162}
  m_LocalRotation: {x: 0, y: 0, z: 0, w: 1}
  m_LocalPosition: {x: 0, y: 0, z: 0}
  m_LocalScale: {x: 1, y: 1, z: 1}
  m_Children:
  - {fileID: 619631009}
  - {fileID: 1612566215}
  m_Father: {fileID: 0}
  m_RootOrder: 7
  m_LocalEulerAnglesHint: {x: 0, y: 0, z: 0}
--- !u!1 &1322018286
GameObject:
  m_ObjectHideFlags: 0
  m_CorrespondingSourceObject: {fileID: 0}
  m_PrefabInstance: {fileID: 0}
  m_PrefabAsset: {fileID: 0}
  serializedVersion: 6
  m_Component:
  - component: {fileID: 1322018290}
  - component: {fileID: 1322018289}
  - component: {fileID: 1322018288}
  - component: {fileID: 1322018287}
  m_Layer: 0
  m_Name: Cube marker
  m_TagString: Untagged
  m_Icon: {fileID: 0}
  m_NavMeshLayer: 0
  m_StaticEditorFlags: 0
  m_IsActive: 1
--- !u!65 &1322018287
BoxCollider:
  m_ObjectHideFlags: 0
  m_CorrespondingSourceObject: {fileID: 0}
  m_PrefabInstance: {fileID: 0}
  m_PrefabAsset: {fileID: 0}
  m_GameObject: {fileID: 1322018286}
  m_Material: {fileID: 0}
  m_IsTrigger: 0
  m_Enabled: 1
  serializedVersion: 2
  m_Size: {x: 1, y: 1, z: 1}
  m_Center: {x: 0, y: 0, z: 0}
--- !u!23 &1322018288
MeshRenderer:
  m_ObjectHideFlags: 0
  m_CorrespondingSourceObject: {fileID: 0}
  m_PrefabInstance: {fileID: 0}
  m_PrefabAsset: {fileID: 0}
  m_GameObject: {fileID: 1322018286}
  m_Enabled: 1
  m_CastShadows: 1
  m_ReceiveShadows: 1
  m_DynamicOccludee: 1
  m_MotionVectors: 1
  m_LightProbeUsage: 1
  m_ReflectionProbeUsage: 1
  m_RayTracingMode: 2
  m_RayTraceProcedural: 0
  m_RenderingLayerMask: 1
  m_RendererPriority: 0
  m_Materials:
  - {fileID: 2100000, guid: 804e7346fa5fe7e45a8694e5187e6dd7, type: 2}
  m_StaticBatchInfo:
    firstSubMesh: 0
    subMeshCount: 0
  m_StaticBatchRoot: {fileID: 0}
  m_ProbeAnchor: {fileID: 0}
  m_LightProbeVolumeOverride: {fileID: 0}
  m_ScaleInLightmap: 1
  m_ReceiveGI: 1
  m_PreserveUVs: 0
  m_IgnoreNormalsForChartDetection: 0
  m_ImportantGI: 0
  m_StitchLightmapSeams: 1
  m_SelectedEditorRenderState: 3
  m_MinimumChartSize: 4
  m_AutoUVMaxDistance: 0.5
  m_AutoUVMaxAngle: 89
  m_LightmapParameters: {fileID: 0}
  m_SortingLayerID: 0
  m_SortingLayer: 0
  m_SortingOrder: 0
  m_AdditionalVertexStreams: {fileID: 0}
--- !u!33 &1322018289
MeshFilter:
  m_ObjectHideFlags: 0
  m_CorrespondingSourceObject: {fileID: 0}
  m_PrefabInstance: {fileID: 0}
  m_PrefabAsset: {fileID: 0}
  m_GameObject: {fileID: 1322018286}
  m_Mesh: {fileID: 10207, guid: 0000000000000000e000000000000000, type: 0}
--- !u!4 &1322018290
Transform:
  m_ObjectHideFlags: 0
  m_CorrespondingSourceObject: {fileID: 0}
  m_PrefabInstance: {fileID: 0}
  m_PrefabAsset: {fileID: 0}
  m_GameObject: {fileID: 1322018286}
  m_LocalRotation: {x: 0, y: 0, z: 0, w: 1}
  m_LocalPosition: {x: -143.75, y: 8.0809, z: 29.048}
  m_LocalScale: {x: 0.01, y: 0.01, z: 0.01}
  m_Children: []
  m_Father: {fileID: 0}
  m_RootOrder: 10
  m_LocalEulerAnglesHint: {x: 0, y: 0, z: 0}
--- !u!1 &1605564663
GameObject:
  m_ObjectHideFlags: 0
  m_CorrespondingSourceObject: {fileID: 0}
  m_PrefabInstance: {fileID: 0}
  m_PrefabAsset: {fileID: 0}
  serializedVersion: 6
  m_Component:
  - component: {fileID: 1605564667}
  - component: {fileID: 1605564666}
  - component: {fileID: 1605564665}
  - component: {fileID: 1605564664}
  m_Layer: 0
  m_Name: Cube marker (1)
  m_TagString: Untagged
  m_Icon: {fileID: 0}
  m_NavMeshLayer: 0
  m_StaticEditorFlags: 0
  m_IsActive: 1
--- !u!65 &1605564664
BoxCollider:
  m_ObjectHideFlags: 0
  m_CorrespondingSourceObject: {fileID: 0}
  m_PrefabInstance: {fileID: 0}
  m_PrefabAsset: {fileID: 0}
  m_GameObject: {fileID: 1605564663}
  m_Material: {fileID: 0}
  m_IsTrigger: 0
  m_Enabled: 1
  serializedVersion: 2
  m_Size: {x: 1, y: 1, z: 1}
  m_Center: {x: 0, y: 0, z: 0}
--- !u!23 &1605564665
MeshRenderer:
  m_ObjectHideFlags: 0
  m_CorrespondingSourceObject: {fileID: 0}
  m_PrefabInstance: {fileID: 0}
  m_PrefabAsset: {fileID: 0}
  m_GameObject: {fileID: 1605564663}
  m_Enabled: 1
  m_CastShadows: 1
  m_ReceiveShadows: 1
  m_DynamicOccludee: 1
  m_MotionVectors: 1
  m_LightProbeUsage: 1
  m_ReflectionProbeUsage: 1
  m_RayTracingMode: 2
  m_RayTraceProcedural: 0
  m_RenderingLayerMask: 1
  m_RendererPriority: 0
  m_Materials:
  - {fileID: 2100000, guid: d882d5cb655dd83478cc947fbb5be5ee, type: 2}
  m_StaticBatchInfo:
    firstSubMesh: 0
    subMeshCount: 0
  m_StaticBatchRoot: {fileID: 0}
  m_ProbeAnchor: {fileID: 0}
  m_LightProbeVolumeOverride: {fileID: 0}
  m_ScaleInLightmap: 1
  m_ReceiveGI: 1
  m_PreserveUVs: 0
  m_IgnoreNormalsForChartDetection: 0
  m_ImportantGI: 0
  m_StitchLightmapSeams: 1
  m_SelectedEditorRenderState: 3
  m_MinimumChartSize: 4
  m_AutoUVMaxDistance: 0.5
  m_AutoUVMaxAngle: 89
  m_LightmapParameters: {fileID: 0}
  m_SortingLayerID: 0
  m_SortingLayer: 0
  m_SortingOrder: 0
  m_AdditionalVertexStreams: {fileID: 0}
--- !u!33 &1605564666
MeshFilter:
  m_ObjectHideFlags: 0
  m_CorrespondingSourceObject: {fileID: 0}
  m_PrefabInstance: {fileID: 0}
  m_PrefabAsset: {fileID: 0}
  m_GameObject: {fileID: 1605564663}
  m_Mesh: {fileID: 10207, guid: 0000000000000000e000000000000000, type: 0}
--- !u!4 &1605564667
Transform:
  m_ObjectHideFlags: 0
  m_CorrespondingSourceObject: {fileID: 0}
  m_PrefabInstance: {fileID: 0}
  m_PrefabAsset: {fileID: 0}
  m_GameObject: {fileID: 1605564663}
  m_LocalRotation: {x: 0, y: 0, z: 0, w: 1}
  m_LocalPosition: {x: -143.75, y: 8.0809, z: 29.048}
  m_LocalScale: {x: 0.01, y: 0.01, z: 0.01}
  m_Children: []
  m_Father: {fileID: 0}
  m_RootOrder: 11
  m_LocalEulerAnglesHint: {x: 0, y: 0, z: 0}
--- !u!1001 &1612566214
PrefabInstance:
  m_ObjectHideFlags: 0
  serializedVersion: 2
  m_Modification:
    m_TransformParent: {fileID: 1236796163}
    m_Modifications:
    - target: {fileID: -8679921383154817045, guid: 82c53f1383b96a64da3c4ff489aa219d, type: 3}
      propertyPath: m_RootOrder
      value: 1
      objectReference: {fileID: 0}
    - target: {fileID: -8679921383154817045, guid: 82c53f1383b96a64da3c4ff489aa219d, type: 3}
      propertyPath: m_LocalPosition.x
      value: -0
      objectReference: {fileID: 0}
    - target: {fileID: -8679921383154817045, guid: 82c53f1383b96a64da3c4ff489aa219d, type: 3}
      propertyPath: m_LocalPosition.y
      value: 0
      objectReference: {fileID: 0}
    - target: {fileID: -8679921383154817045, guid: 82c53f1383b96a64da3c4ff489aa219d, type: 3}
      propertyPath: m_LocalPosition.z
      value: 0
      objectReference: {fileID: 0}
    - target: {fileID: -8679921383154817045, guid: 82c53f1383b96a64da3c4ff489aa219d, type: 3}
      propertyPath: m_LocalRotation.w
      value: 1
      objectReference: {fileID: 0}
    - target: {fileID: -8679921383154817045, guid: 82c53f1383b96a64da3c4ff489aa219d, type: 3}
      propertyPath: m_LocalRotation.x
      value: 0
      objectReference: {fileID: 0}
    - target: {fileID: -8679921383154817045, guid: 82c53f1383b96a64da3c4ff489aa219d, type: 3}
      propertyPath: m_LocalRotation.y
      value: -0
      objectReference: {fileID: 0}
    - target: {fileID: -8679921383154817045, guid: 82c53f1383b96a64da3c4ff489aa219d, type: 3}
      propertyPath: m_LocalRotation.z
      value: -0
      objectReference: {fileID: 0}
    - target: {fileID: -8679921383154817045, guid: 82c53f1383b96a64da3c4ff489aa219d, type: 3}
      propertyPath: m_LocalEulerAnglesHint.x
      value: 0
      objectReference: {fileID: 0}
    - target: {fileID: -8679921383154817045, guid: 82c53f1383b96a64da3c4ff489aa219d, type: 3}
      propertyPath: m_LocalEulerAnglesHint.y
      value: 0
      objectReference: {fileID: 0}
    - target: {fileID: -8679921383154817045, guid: 82c53f1383b96a64da3c4ff489aa219d, type: 3}
      propertyPath: m_LocalEulerAnglesHint.z
      value: 0
      objectReference: {fileID: 0}
    - target: {fileID: -3887185075125053422, guid: 82c53f1383b96a64da3c4ff489aa219d, type: 3}
      propertyPath: m_DirtyAABB
      value: 0
      objectReference: {fileID: 0}
    - target: {fileID: -3887185075125053422, guid: 82c53f1383b96a64da3c4ff489aa219d, type: 3}
      propertyPath: m_AABB.m_Center.x
      value: -0.0000025257468
      objectReference: {fileID: 0}
    - target: {fileID: -3887185075125053422, guid: 82c53f1383b96a64da3c4ff489aa219d, type: 3}
      propertyPath: m_AABB.m_Center.y
      value: -0.0132475905
      objectReference: {fileID: 0}
    - target: {fileID: -3887185075125053422, guid: 82c53f1383b96a64da3c4ff489aa219d, type: 3}
      propertyPath: m_AABB.m_Center.z
      value: 0.027205052
      objectReference: {fileID: 0}
    - target: {fileID: -3887185075125053422, guid: 82c53f1383b96a64da3c4ff489aa219d, type: 3}
      propertyPath: m_AABB.m_Extent.x
      value: 0.085011385
      objectReference: {fileID: 0}
    - target: {fileID: -3887185075125053422, guid: 82c53f1383b96a64da3c4ff489aa219d, type: 3}
      propertyPath: m_AABB.m_Extent.y
      value: 0.09614171
      objectReference: {fileID: 0}
    - target: {fileID: -3887185075125053422, guid: 82c53f1383b96a64da3c4ff489aa219d, type: 3}
      propertyPath: m_AABB.m_Extent.z
      value: 0.05181571
      objectReference: {fileID: 0}
    - target: {fileID: 919132149155446097, guid: 82c53f1383b96a64da3c4ff489aa219d, type: 3}
      propertyPath: m_Name
      value: B
      objectReference: {fileID: 0}
    m_RemovedComponents: []
  m_SourcePrefab: {fileID: 100100000, guid: 82c53f1383b96a64da3c4ff489aa219d, type: 3}
--- !u!4 &1612566215 stripped
Transform:
  m_CorrespondingSourceObject: {fileID: -8679921383154817045, guid: 82c53f1383b96a64da3c4ff489aa219d, type: 3}
  m_PrefabInstance: {fileID: 1612566214}
  m_PrefabAsset: {fileID: 0}
--- !u!137 &1612566216 stripped
SkinnedMeshRenderer:
  m_CorrespondingSourceObject: {fileID: -3887185075125053422, guid: 82c53f1383b96a64da3c4ff489aa219d, type: 3}
  m_PrefabInstance: {fileID: 1612566214}
  m_PrefabAsset: {fileID: 0}
--- !u!1 &1615077351
GameObject:
  m_ObjectHideFlags: 0
  m_CorrespondingSourceObject: {fileID: 0}
  m_PrefabInstance: {fileID: 0}
  m_PrefabAsset: {fileID: 0}
  serializedVersion: 6
  m_Component:
  - component: {fileID: 1615077356}
  - component: {fileID: 1615077355}
  - component: {fileID: 1615077354}
  - component: {fileID: 1615077352}
  - component: {fileID: 1615077353}
  - component: {fileID: 1615077357}
  m_Layer: 0
  m_Name: ExportBlendshapeValsObj
  m_TagString: Untagged
  m_Icon: {fileID: 0}
  m_NavMeshLayer: 0
  m_StaticEditorFlags: 0
  m_IsActive: 1
--- !u!114 &1615077352
MonoBehaviour:
  m_ObjectHideFlags: 0
  m_CorrespondingSourceObject: {fileID: 0}
  m_PrefabInstance: {fileID: 0}
  m_PrefabAsset: {fileID: 0}
  m_GameObject: {fileID: 1615077351}
  m_Enabled: 1
  m_EditorHideFlags: 0
  m_Script: {fileID: 11500000, guid: d1a67d6bd50b3944dba75fd31f6a8c27, type: 3}
  m_Name: 
  m_EditorClassIdentifier: 
  _gameObjectA: {fileID: 8315377332511748562}
  _gameObjectB: {fileID: 5097984664752543957}
  _steps: 0000000019000000320000004b00000064000000
  _blendshapeIndices: 000000000100000002000000030000000400000008000000
  _blendshapeIndicesRandomized: 09000000
  _filename: d:\\run3.csv
  debug: {fileID: 0}
  _debugIndex: 0
--- !u!114 &1615077353
MonoBehaviour:
  m_ObjectHideFlags: 0
  m_CorrespondingSourceObject: {fileID: 0}
  m_PrefabInstance: {fileID: 0}
  m_PrefabAsset: {fileID: 0}
  m_GameObject: {fileID: 1615077351}
  m_Enabled: 0
  m_EditorHideFlags: 0
  m_Script: {fileID: 11500000, guid: 95afeb9fb3f4a42498c3479511b777ab, type: 3}
  m_Name: 
  m_EditorClassIdentifier: 
  _vertInd: 0
  _vertexCoords: {x: 0, y: 0, z: 0}
  _marker: {fileID: 0}
--- !u!23 &1615077354
MeshRenderer:
  m_ObjectHideFlags: 0
  m_CorrespondingSourceObject: {fileID: 0}
  m_PrefabInstance: {fileID: 0}
  m_PrefabAsset: {fileID: 0}
  m_GameObject: {fileID: 1615077351}
  m_Enabled: 1
  m_CastShadows: 1
  m_ReceiveShadows: 1
  m_DynamicOccludee: 1
  m_MotionVectors: 1
  m_LightProbeUsage: 1
  m_ReflectionProbeUsage: 1
  m_RayTracingMode: 2
  m_RayTraceProcedural: 0
  m_RenderingLayerMask: 1
  m_RendererPriority: 0
  m_Materials:
  - {fileID: 10303, guid: 0000000000000000f000000000000000, type: 0}
  m_StaticBatchInfo:
    firstSubMesh: 0
    subMeshCount: 0
  m_StaticBatchRoot: {fileID: 0}
  m_ProbeAnchor: {fileID: 0}
  m_LightProbeVolumeOverride: {fileID: 0}
  m_ScaleInLightmap: 1
  m_ReceiveGI: 1
  m_PreserveUVs: 0
  m_IgnoreNormalsForChartDetection: 0
  m_ImportantGI: 0
  m_StitchLightmapSeams: 1
  m_SelectedEditorRenderState: 3
  m_MinimumChartSize: 4
  m_AutoUVMaxDistance: 0.5
  m_AutoUVMaxAngle: 89
  m_LightmapParameters: {fileID: 0}
  m_SortingLayerID: 0
  m_SortingLayer: 0
  m_SortingOrder: 0
  m_AdditionalVertexStreams: {fileID: 0}
--- !u!33 &1615077355
MeshFilter:
  m_ObjectHideFlags: 0
  m_CorrespondingSourceObject: {fileID: 0}
  m_PrefabInstance: {fileID: 0}
  m_PrefabAsset: {fileID: 0}
  m_GameObject: {fileID: 1615077351}
  m_Mesh: {fileID: 0}
--- !u!4 &1615077356
Transform:
  m_ObjectHideFlags: 0
  m_CorrespondingSourceObject: {fileID: 0}
  m_PrefabInstance: {fileID: 0}
  m_PrefabAsset: {fileID: 0}
  m_GameObject: {fileID: 1615077351}
  m_LocalRotation: {x: 0, y: 0, z: 0, w: 1}
  m_LocalPosition: {x: 0, y: 0, z: 0}
  m_LocalScale: {x: 0.54139, y: 0.54139, z: 0.54139}
  m_Children: []
  m_Father: {fileID: 0}
  m_RootOrder: 2
  m_LocalEulerAnglesHint: {x: 0, y: 0, z: 0}
--- !u!114 &1615077357
MonoBehaviour:
  m_ObjectHideFlags: 0
  m_CorrespondingSourceObject: {fileID: 0}
  m_PrefabInstance: {fileID: 0}
  m_PrefabAsset: {fileID: 0}
  m_GameObject: {fileID: 1615077351}
  m_Enabled: 1
  m_EditorHideFlags: 0
  m_Script: {fileID: 11500000, guid: 04b059ad49b3eaf4780cd7688cb6a4d2, type: 3}
  m_Name: 
  m_EditorClassIdentifier: 
  _loadVertsCSV: 
--- !u!1001 &1880234399
PrefabInstance:
  m_ObjectHideFlags: 0
  serializedVersion: 2
  m_Modification:
    m_TransformParent: {fileID: 0}
    m_Modifications:
    - target: {fileID: -8679921383154817045, guid: ce263168f3dc09b459eb027d51b3d94b, type: 3}
      propertyPath: m_RootOrder
      value: 5
      objectReference: {fileID: 0}
    - target: {fileID: -8679921383154817045, guid: ce263168f3dc09b459eb027d51b3d94b, type: 3}
      propertyPath: m_LocalScale.x
      value: 5.21291
      objectReference: {fileID: 0}
    - target: {fileID: -8679921383154817045, guid: ce263168f3dc09b459eb027d51b3d94b, type: 3}
      propertyPath: m_LocalScale.y
      value: 5.21291
      objectReference: {fileID: 0}
    - target: {fileID: -8679921383154817045, guid: ce263168f3dc09b459eb027d51b3d94b, type: 3}
      propertyPath: m_LocalScale.z
      value: 5.21291
      objectReference: {fileID: 0}
    - target: {fileID: -8679921383154817045, guid: ce263168f3dc09b459eb027d51b3d94b, type: 3}
      propertyPath: m_LocalPosition.x
      value: -260
      objectReference: {fileID: 0}
    - target: {fileID: -8679921383154817045, guid: ce263168f3dc09b459eb027d51b3d94b, type: 3}
      propertyPath: m_LocalPosition.y
      value: 7.116
      objectReference: {fileID: 0}
    - target: {fileID: -8679921383154817045, guid: ce263168f3dc09b459eb027d51b3d94b, type: 3}
      propertyPath: m_LocalPosition.z
      value: 4.4391
      objectReference: {fileID: 0}
    - target: {fileID: -8679921383154817045, guid: ce263168f3dc09b459eb027d51b3d94b, type: 3}
      propertyPath: m_LocalRotation.w
      value: 0
      objectReference: {fileID: 0}
    - target: {fileID: -8679921383154817045, guid: ce263168f3dc09b459eb027d51b3d94b, type: 3}
      propertyPath: m_LocalRotation.x
      value: 0
      objectReference: {fileID: 0}
    - target: {fileID: -8679921383154817045, guid: ce263168f3dc09b459eb027d51b3d94b, type: 3}
      propertyPath: m_LocalRotation.y
      value: 1
      objectReference: {fileID: 0}
    - target: {fileID: -8679921383154817045, guid: ce263168f3dc09b459eb027d51b3d94b, type: 3}
      propertyPath: m_LocalRotation.z
      value: 0
      objectReference: {fileID: 0}
    - target: {fileID: -8679921383154817045, guid: ce263168f3dc09b459eb027d51b3d94b, type: 3}
      propertyPath: m_LocalEulerAnglesHint.x
      value: 0
      objectReference: {fileID: 0}
    - target: {fileID: -8679921383154817045, guid: ce263168f3dc09b459eb027d51b3d94b, type: 3}
      propertyPath: m_LocalEulerAnglesHint.y
      value: 180
      objectReference: {fileID: 0}
    - target: {fileID: -8679921383154817045, guid: ce263168f3dc09b459eb027d51b3d94b, type: 3}
      propertyPath: m_LocalEulerAnglesHint.z
      value: 0
      objectReference: {fileID: 0}
    - target: {fileID: 919132149155446097, guid: ce263168f3dc09b459eb027d51b3d94b, type: 3}
      propertyPath: m_Name
      value: canonical_face_model (1)
      objectReference: {fileID: 0}
    - target: {fileID: 919132149155446097, guid: ce263168f3dc09b459eb027d51b3d94b, type: 3}
      propertyPath: m_IsActive
      value: 0
      objectReference: {fileID: 0}
    m_RemovedComponents: []
  m_SourcePrefab: {fileID: 100100000, guid: ce263168f3dc09b459eb027d51b3d94b, type: 3}
--- !u!1001 &1920441755
PrefabInstance:
  m_ObjectHideFlags: 0
  serializedVersion: 2
  m_Modification:
    m_TransformParent: {fileID: 0}
    m_Modifications:
    - target: {fileID: -8679921383154817045, guid: e592d294ac3c2bd42a1a1f19f19ebba6, type: 3}
      propertyPath: m_RootOrder
      value: 1
      objectReference: {fileID: 0}
    - target: {fileID: -8679921383154817045, guid: e592d294ac3c2bd42a1a1f19f19ebba6, type: 3}
      propertyPath: m_LocalScale.x
      value: 482.53275
      objectReference: {fileID: 0}
    - target: {fileID: -8679921383154817045, guid: e592d294ac3c2bd42a1a1f19f19ebba6, type: 3}
      propertyPath: m_LocalScale.y
      value: 482.53275
      objectReference: {fileID: 0}
    - target: {fileID: -8679921383154817045, guid: e592d294ac3c2bd42a1a1f19f19ebba6, type: 3}
      propertyPath: m_LocalScale.z
      value: 482.53275
      objectReference: {fileID: 0}
    - target: {fileID: -8679921383154817045, guid: e592d294ac3c2bd42a1a1f19f19ebba6, type: 3}
      propertyPath: m_LocalPosition.x
      value: -56.891
      objectReference: {fileID: 0}
    - target: {fileID: -8679921383154817045, guid: e592d294ac3c2bd42a1a1f19f19ebba6, type: 3}
      propertyPath: m_LocalPosition.y
      value: 2.2906
      objectReference: {fileID: 0}
    - target: {fileID: -8679921383154817045, guid: e592d294ac3c2bd42a1a1f19f19ebba6, type: 3}
      propertyPath: m_LocalPosition.z
      value: 23.258
      objectReference: {fileID: 0}
    - target: {fileID: -8679921383154817045, guid: e592d294ac3c2bd42a1a1f19f19ebba6, type: 3}
      propertyPath: m_LocalRotation.w
      value: 0
      objectReference: {fileID: 0}
    - target: {fileID: -8679921383154817045, guid: e592d294ac3c2bd42a1a1f19f19ebba6, type: 3}
      propertyPath: m_LocalRotation.x
      value: 0
      objectReference: {fileID: 0}
    - target: {fileID: -8679921383154817045, guid: e592d294ac3c2bd42a1a1f19f19ebba6, type: 3}
      propertyPath: m_LocalRotation.y
      value: 1
      objectReference: {fileID: 0}
    - target: {fileID: -8679921383154817045, guid: e592d294ac3c2bd42a1a1f19f19ebba6, type: 3}
      propertyPath: m_LocalRotation.z
      value: 0
      objectReference: {fileID: 0}
    - target: {fileID: -8679921383154817045, guid: e592d294ac3c2bd42a1a1f19f19ebba6, type: 3}
      propertyPath: m_LocalEulerAnglesHint.x
      value: 0
      objectReference: {fileID: 0}
    - target: {fileID: -8679921383154817045, guid: e592d294ac3c2bd42a1a1f19f19ebba6, type: 3}
      propertyPath: m_LocalEulerAnglesHint.y
      value: 180
      objectReference: {fileID: 0}
    - target: {fileID: -8679921383154817045, guid: e592d294ac3c2bd42a1a1f19f19ebba6, type: 3}
      propertyPath: m_LocalEulerAnglesHint.z
      value: 0
      objectReference: {fileID: 0}
    - target: {fileID: -3887185075125053422, guid: e592d294ac3c2bd42a1a1f19f19ebba6, type: 3}
      propertyPath: m_Enabled
      value: 1
      objectReference: {fileID: 0}
    - target: {fileID: -3887185075125053422, guid: e592d294ac3c2bd42a1a1f19f19ebba6, type: 3}
      propertyPath: m_DirtyAABB
      value: 0
      objectReference: {fileID: 0}
    - target: {fileID: -3887185075125053422, guid: e592d294ac3c2bd42a1a1f19f19ebba6, type: 3}
      propertyPath: m_AABB.m_Center.y
      value: -0.013075251
      objectReference: {fileID: 0}
    - target: {fileID: -3887185075125053422, guid: e592d294ac3c2bd42a1a1f19f19ebba6, type: 3}
      propertyPath: m_AABB.m_Center.z
      value: 0.025753565
      objectReference: {fileID: 0}
    - target: {fileID: -3887185075125053422, guid: e592d294ac3c2bd42a1a1f19f19ebba6, type: 3}
      propertyPath: m_AABB.m_Extent.x
      value: 0.07743095
      objectReference: {fileID: 0}
    - target: {fileID: -3887185075125053422, guid: e592d294ac3c2bd42a1a1f19f19ebba6, type: 3}
      propertyPath: m_AABB.m_Extent.y
      value: 0.09569302
      objectReference: {fileID: 0}
    - target: {fileID: -3887185075125053422, guid: e592d294ac3c2bd42a1a1f19f19ebba6, type: 3}
      propertyPath: m_AABB.m_Extent.z
      value: 0.050112233
      objectReference: {fileID: 0}
    - target: {fileID: -3887185075125053422, guid: e592d294ac3c2bd42a1a1f19f19ebba6, type: 3}
      propertyPath: m_BlendShapeWeights.Array.size
      value: 13
      objectReference: {fileID: 0}
    - target: {fileID: -3887185075125053422, guid: e592d294ac3c2bd42a1a1f19f19ebba6, type: 3}
      propertyPath: m_BlendShapeWeights.Array.data[0]
      value: 50
      objectReference: {fileID: 0}
    - target: {fileID: -3887185075125053422, guid: e592d294ac3c2bd42a1a1f19f19ebba6, type: 3}
      propertyPath: m_BlendShapeWeights.Array.data[1]
      value: 50
      objectReference: {fileID: 0}
    - target: {fileID: -3887185075125053422, guid: e592d294ac3c2bd42a1a1f19f19ebba6, type: 3}
      propertyPath: m_BlendShapeWeights.Array.data[2]
      value: 0
      objectReference: {fileID: 0}
    - target: {fileID: -3887185075125053422, guid: e592d294ac3c2bd42a1a1f19f19ebba6, type: 3}
      propertyPath: m_BlendShapeWeights.Array.data[3]
      value: 0
      objectReference: {fileID: 0}
    - target: {fileID: -3887185075125053422, guid: e592d294ac3c2bd42a1a1f19f19ebba6, type: 3}
      propertyPath: m_BlendShapeWeights.Array.data[4]
      value: 0
      objectReference: {fileID: 0}
    - target: {fileID: -3887185075125053422, guid: e592d294ac3c2bd42a1a1f19f19ebba6, type: 3}
      propertyPath: m_BlendShapeWeights.Array.data[5]
      value: 0
      objectReference: {fileID: 0}
    - target: {fileID: -3887185075125053422, guid: e592d294ac3c2bd42a1a1f19f19ebba6, type: 3}
      propertyPath: m_BlendShapeWeights.Array.data[7]
      value: 0
      objectReference: {fileID: 0}
    - target: {fileID: -3887185075125053422, guid: e592d294ac3c2bd42a1a1f19f19ebba6, type: 3}
      propertyPath: m_BlendShapeWeights.Array.data[8]
      value: 50
      objectReference: {fileID: 0}
    - target: {fileID: 919132149155446097, guid: e592d294ac3c2bd42a1a1f19f19ebba6, type: 3}
      propertyPath: m_Name
      value: 20220418_FaceBlendShapes2
      objectReference: {fileID: 0}
    - target: {fileID: 919132149155446097, guid: e592d294ac3c2bd42a1a1f19f19ebba6, type: 3}
      propertyPath: m_IsActive
      value: 0
      objectReference: {fileID: 0}
    m_RemovedComponents: []
  m_SourcePrefab: {fileID: 100100000, guid: e592d294ac3c2bd42a1a1f19f19ebba6, type: 3}
--- !u!1 &1920441756
GameObject:
  m_ObjectHideFlags: 0
  m_CorrespondingSourceObject: {fileID: 919132149155446097, guid: e592d294ac3c2bd42a1a1f19f19ebba6, type: 3}
  m_PrefabInstance: {fileID: 1920441755}
  m_PrefabAsset: {fileID: 0}
  serializedVersion: 6
  m_Component:
  - component: {fileID: 1920441757}
  - component: {fileID: 1920441758}
  - component: {fileID: 1920441759}
  m_Layer: 0
  m_Name: 20220418_FaceBlendShapes2
  m_TagString: Untagged
  m_Icon: {fileID: 0}
  m_NavMeshLayer: 0
  m_StaticEditorFlags: 0
  m_IsActive: 0
--- !u!4 &1920441757
Transform:
  m_ObjectHideFlags: 0
  m_CorrespondingSourceObject: {fileID: -8679921383154817045, guid: e592d294ac3c2bd42a1a1f19f19ebba6, type: 3}
  m_PrefabInstance: {fileID: 1920441755}
  m_PrefabAsset: {fileID: 0}
  m_GameObject: {fileID: 1920441756}
  m_LocalRotation: {x: 0, y: 1, z: 0, w: 0}
  m_LocalPosition: {x: -56.891, y: 2.2906, z: 23.258}
  m_LocalScale: {x: 482.53275, y: 482.53275, z: 482.53275}
  m_Children: []
  m_Father: {fileID: 0}
  m_RootOrder: 5
  m_LocalEulerAnglesHint: {x: 0, y: 180, z: 0}
--- !u!137 &1920441758
SkinnedMeshRenderer:
  m_ObjectHideFlags: 0
  m_CorrespondingSourceObject: {fileID: -3887185075125053422, guid: e592d294ac3c2bd42a1a1f19f19ebba6, type: 3}
  m_PrefabInstance: {fileID: 1920441755}
  m_PrefabAsset: {fileID: 0}
  m_GameObject: {fileID: 1920441756}
  m_Enabled: 1
  m_CastShadows: 1
  m_ReceiveShadows: 1
  m_DynamicOccludee: 1
  m_MotionVectors: 1
  m_LightProbeUsage: 1
  m_ReflectionProbeUsage: 1
  m_RayTracingMode: 3
  m_RayTraceProcedural: 0
  m_RenderingLayerMask: 1
  m_RendererPriority: 0
  m_Materials:
  - {fileID: 5561349426305759274, guid: e592d294ac3c2bd42a1a1f19f19ebba6, type: 3}
  m_StaticBatchInfo:
    firstSubMesh: 0
    subMeshCount: 0
  m_StaticBatchRoot: {fileID: 0}
  m_ProbeAnchor: {fileID: 0}
  m_LightProbeVolumeOverride: {fileID: 0}
  m_ScaleInLightmap: 1
  m_ReceiveGI: 1
  m_PreserveUVs: 0
  m_IgnoreNormalsForChartDetection: 0
  m_ImportantGI: 0
  m_StitchLightmapSeams: 1
  m_SelectedEditorRenderState: 3
  m_MinimumChartSize: 4
  m_AutoUVMaxDistance: 0.5
  m_AutoUVMaxAngle: 89
  m_LightmapParameters: {fileID: 0}
  m_SortingLayerID: 0
  m_SortingLayer: 0
  m_SortingOrder: 0
  serializedVersion: 2
  m_Quality: 0
  m_UpdateWhenOffscreen: 1
  m_SkinnedMotionVectors: 1
  m_Mesh: {fileID: 6157117880141131119, guid: e592d294ac3c2bd42a1a1f19f19ebba6, type: 3}
  m_Bones: []
  m_BlendShapeWeights:
  - 50
  - 50
  - 0
  - 0
  - 0
  - 0
  - 0
  - 0
  - 50
  - 0
  - 0
  - 0
  - 0
  m_RootBone: {fileID: 0}
  m_AABB:
    m_Center: {x: 0, y: -0.013075251, z: 0.025753565}
    m_Extent: {x: 0.07743095, y: 0.09569302, z: 0.050112233}
  m_DirtyAABB: 0
--- !u!114 &1920441759
MonoBehaviour:
  m_ObjectHideFlags: 0
  m_CorrespondingSourceObject: {fileID: 0}
  m_PrefabInstance: {fileID: 0}
  m_PrefabAsset: {fileID: 0}
  m_GameObject: {fileID: 1920441756}
  m_Enabled: 1
  m_EditorHideFlags: 0
  m_Script: {fileID: 11500000, guid: 95afeb9fb3f4a42498c3479511b777ab, type: 3}
  m_Name: 
  m_EditorClassIdentifier: 
  _vertInd: 0
  _vertexCoords: {x: 0, y: 0, z: 0}
  _marker: {fileID: 1605564667}
--- !u!1 &2122631632
GameObject:
  m_ObjectHideFlags: 0
  m_CorrespondingSourceObject: {fileID: 0}
  m_PrefabInstance: {fileID: 0}
  m_PrefabAsset: {fileID: 0}
  serializedVersion: 6
  m_Component:
  - component: {fileID: 2122631636}
  - component: {fileID: 2122631635}
  - component: {fileID: 2122631634}
  - component: {fileID: 2122631633}
  m_Layer: 0
  m_Name: Cube
  m_TagString: Untagged
  m_Icon: {fileID: 0}
  m_NavMeshLayer: 0
  m_StaticEditorFlags: 0
  m_IsActive: 1
--- !u!65 &2122631633
BoxCollider:
  m_ObjectHideFlags: 0
  m_CorrespondingSourceObject: {fileID: 0}
  m_PrefabInstance: {fileID: 0}
  m_PrefabAsset: {fileID: 0}
  m_GameObject: {fileID: 2122631632}
  m_Material: {fileID: 0}
  m_IsTrigger: 0
  m_Enabled: 1
  serializedVersion: 2
  m_Size: {x: 1, y: 1, z: 1}
  m_Center: {x: 0, y: 0, z: 0}
--- !u!23 &2122631634
MeshRenderer:
  m_ObjectHideFlags: 0
  m_CorrespondingSourceObject: {fileID: 0}
  m_PrefabInstance: {fileID: 0}
  m_PrefabAsset: {fileID: 0}
  m_GameObject: {fileID: 2122631632}
  m_Enabled: 1
  m_CastShadows: 1
  m_ReceiveShadows: 1
  m_DynamicOccludee: 1
  m_MotionVectors: 1
  m_LightProbeUsage: 1
  m_ReflectionProbeUsage: 1
  m_RayTracingMode: 2
  m_RayTraceProcedural: 0
  m_RenderingLayerMask: 1
  m_RendererPriority: 0
  m_Materials:
  - {fileID: 10303, guid: 0000000000000000f000000000000000, type: 0}
  m_StaticBatchInfo:
    firstSubMesh: 0
    subMeshCount: 0
  m_StaticBatchRoot: {fileID: 0}
  m_ProbeAnchor: {fileID: 0}
  m_LightProbeVolumeOverride: {fileID: 0}
  m_ScaleInLightmap: 1
  m_ReceiveGI: 1
  m_PreserveUVs: 0
  m_IgnoreNormalsForChartDetection: 0
  m_ImportantGI: 0
  m_StitchLightmapSeams: 1
  m_SelectedEditorRenderState: 3
  m_MinimumChartSize: 4
  m_AutoUVMaxDistance: 0.5
  m_AutoUVMaxAngle: 89
  m_LightmapParameters: {fileID: 0}
  m_SortingLayerID: 0
  m_SortingLayer: 0
  m_SortingOrder: 0
  m_AdditionalVertexStreams: {fileID: 0}
--- !u!33 &2122631635
MeshFilter:
  m_ObjectHideFlags: 0
  m_CorrespondingSourceObject: {fileID: 0}
  m_PrefabInstance: {fileID: 0}
  m_PrefabAsset: {fileID: 0}
  m_GameObject: {fileID: 2122631632}
  m_Mesh: {fileID: 10202, guid: 0000000000000000e000000000000000, type: 0}
--- !u!4 &2122631636
Transform:
  m_ObjectHideFlags: 0
  m_CorrespondingSourceObject: {fileID: 0}
  m_PrefabInstance: {fileID: 0}
  m_PrefabAsset: {fileID: 0}
  m_GameObject: {fileID: 2122631632}
  m_LocalRotation: {x: 0, y: 0, z: 0, w: 1}
  m_LocalPosition: {x: 1.628, y: 0.22632274, z: 0.057453156}
  m_LocalScale: {x: 1, y: 1, z: 1}
  m_Children: []
  m_Father: {fileID: 0}
  m_RootOrder: 13
  m_LocalEulerAnglesHint: {x: 0, y: 0, z: 0}
--- !u!137 &211035459243242802
SkinnedMeshRenderer:
  m_ObjectHideFlags: 0
  m_CorrespondingSourceObject: {fileID: 0}
  m_PrefabInstance: {fileID: 0}
  m_PrefabAsset: {fileID: 0}
  m_GameObject: {fileID: 5097984664752543957}
  m_Enabled: 1
  m_CastShadows: 1
  m_ReceiveShadows: 1
  m_DynamicOccludee: 1
  m_MotionVectors: 1
  m_LightProbeUsage: 1
  m_ReflectionProbeUsage: 1
  m_RayTracingMode: 3
  m_RayTraceProcedural: 0
  m_RenderingLayerMask: 1
  m_RendererPriority: 0
  m_Materials:
  - {fileID: 8748892135801146194, guid: 779dff093a2b98744be60431bff34661, type: 3}
  m_StaticBatchInfo:
    firstSubMesh: 0
    subMeshCount: 0
  m_StaticBatchRoot: {fileID: 0}
  m_ProbeAnchor: {fileID: 0}
  m_LightProbeVolumeOverride: {fileID: 0}
  m_ScaleInLightmap: 1
  m_ReceiveGI: 1
  m_PreserveUVs: 0
  m_IgnoreNormalsForChartDetection: 0
  m_ImportantGI: 0
  m_StitchLightmapSeams: 1
  m_SelectedEditorRenderState: 3
  m_MinimumChartSize: 4
  m_AutoUVMaxDistance: 0.5
  m_AutoUVMaxAngle: 89
  m_LightmapParameters: {fileID: 0}
  m_SortingLayerID: 0
  m_SortingLayer: 0
  m_SortingOrder: 0
  serializedVersion: 2
  m_Quality: 0
  m_UpdateWhenOffscreen: 1
  m_SkinnedMotionVectors: 1
  m_Mesh: {fileID: 8939266724133516769, guid: 779dff093a2b98744be60431bff34661, type: 3}
  m_Bones: []
  m_BlendShapeWeights:
  - 0
  - 50
  - 50
  - 0
  - 0
  - 0
  - 0
  - 100
  - 0
  - 50
  - 0
  - 0
  - 0
  - 0
  m_RootBone: {fileID: 0}
  m_AABB:
    m_Center: {x: 0, y: -0.014580522, z: 0.025726922}
    m_Extent: {x: 0.07743095, y: 0.09719829, z: 0.050138876}
  m_DirtyAABB: 0
--- !u!1 &5097984664752543957
GameObject:
  m_ObjectHideFlags: 0
  m_CorrespondingSourceObject: {fileID: 0}
  m_PrefabInstance: {fileID: 0}
  m_PrefabAsset: {fileID: 0}
  serializedVersion: 6
  m_Component:
  - component: {fileID: 7915979702803292355}
  - component: {fileID: 211035459243242802}
  - component: {fileID: 5097984664752543958}
  m_Layer: 0
  m_Name: C
  m_TagString: Untagged
  m_Icon: {fileID: 0}
  m_NavMeshLayer: 0
  m_StaticEditorFlags: 0
  m_IsActive: 1
--- !u!114 &5097984664752543958
MonoBehaviour:
  m_ObjectHideFlags: 0
  m_CorrespondingSourceObject: {fileID: 0}
  m_PrefabInstance: {fileID: 0}
  m_PrefabAsset: {fileID: 0}
  m_GameObject: {fileID: 5097984664752543957}
  m_Enabled: 1
  m_EditorHideFlags: 0
  m_Script: {fileID: 11500000, guid: 95afeb9fb3f4a42498c3479511b777ab, type: 3}
  m_Name: 
  m_EditorClassIdentifier: 
  _vertInd: 0
  _vertexCoords: {x: 0, y: 0, z: 0}
  _marker: {fileID: 1605564667}
--- !u!137 &7812958710146500867
SkinnedMeshRenderer:
  m_ObjectHideFlags: 0
  m_CorrespondingSourceObject: {fileID: 0}
  m_PrefabInstance: {fileID: 0}
  m_PrefabAsset: {fileID: 0}
  m_GameObject: {fileID: 8315377332511748562}
  m_Enabled: 1
  m_CastShadows: 1
  m_ReceiveShadows: 1
  m_DynamicOccludee: 1
  m_MotionVectors: 1
  m_LightProbeUsage: 1
  m_ReflectionProbeUsage: 1
  m_RayTracingMode: 3
  m_RayTraceProcedural: 0
  m_RenderingLayerMask: 1
  m_RendererPriority: 0
  m_Materials:
  - {fileID: 8748892135801146194, guid: 82c53f1383b96a64da3c4ff489aa219d, type: 3}
  m_StaticBatchInfo:
    firstSubMesh: 0
    subMeshCount: 0
  m_StaticBatchRoot: {fileID: 0}
  m_ProbeAnchor: {fileID: 0}
  m_LightProbeVolumeOverride: {fileID: 0}
  m_ScaleInLightmap: 1
  m_ReceiveGI: 1
  m_PreserveUVs: 0
  m_IgnoreNormalsForChartDetection: 0
  m_ImportantGI: 0
  m_StitchLightmapSeams: 1
  m_SelectedEditorRenderState: 3
  m_MinimumChartSize: 4
  m_AutoUVMaxDistance: 0.5
  m_AutoUVMaxAngle: 89
  m_LightmapParameters: {fileID: 0}
  m_SortingLayerID: 0
  m_SortingLayer: 0
  m_SortingOrder: 0
  serializedVersion: 2
  m_Quality: 0
  m_UpdateWhenOffscreen: 1
  m_SkinnedMotionVectors: 1
  m_Mesh: {fileID: -4909277789374002350, guid: 82c53f1383b96a64da3c4ff489aa219d, type: 3}
  m_Bones: []
  m_BlendShapeWeights:
  - 0
  - 50
  - 50
  - 0
  - 0
  - 0
  - 0
  - 100
  - 0
  - 50
  - 0
  - 0
  - 0
  - 0
  m_RootBone: {fileID: 0}
  m_AABB:
    m_Center: {x: 0, y: -0.013075251, z: 0.026587225}
    m_Extent: {x: 0.07743095, y: 0.09569302, z: 0.050945893}
  m_DirtyAABB: 0
--- !u!4 &7915979702803292355
Transform:
  m_ObjectHideFlags: 0
  m_CorrespondingSourceObject: {fileID: 0}
  m_PrefabInstance: {fileID: 0}
  m_PrefabAsset: {fileID: 0}
  m_GameObject: {fileID: 5097984664752543957}
  m_LocalRotation: {x: -0, y: -0, z: -0, w: 1}
  m_LocalPosition: {x: -1.154589, y: 0, z: 0}
  m_LocalScale: {x: 1, y: 1, z: 1}
  m_Children: []
  m_Father: {fileID: 0}
  m_RootOrder: 4
  m_LocalEulerAnglesHint: {x: 0, y: 0, z: 0}
--- !u!1 &8315377332511748562
GameObject:
  m_ObjectHideFlags: 0
  m_CorrespondingSourceObject: {fileID: 0}
  m_PrefabInstance: {fileID: 0}
  m_PrefabAsset: {fileID: 0}
  serializedVersion: 6
  m_Component:
  - component: {fileID: 8425657970483867516}
  - component: {fileID: 7812958710146500867}
  - component: {fileID: 8315377332511748563}
  m_Layer: 0
  m_Name: B
  m_TagString: Untagged
  m_Icon: {fileID: 0}
  m_NavMeshLayer: 0
  m_StaticEditorFlags: 0
  m_IsActive: 1
--- !u!114 &8315377332511748563
MonoBehaviour:
  m_ObjectHideFlags: 0
  m_CorrespondingSourceObject: {fileID: 0}
  m_PrefabInstance: {fileID: 0}
  m_PrefabAsset: {fileID: 0}
  m_GameObject: {fileID: 8315377332511748562}
  m_Enabled: 1
  m_EditorHideFlags: 0
  m_Script: {fileID: 11500000, guid: 95afeb9fb3f4a42498c3479511b777ab, type: 3}
  m_Name: 
  m_EditorClassIdentifier: 
  _vertInd: 0
  _vertexCoords: {x: 0, y: 0, z: 0}
  _marker: {fileID: 1322018290}
--- !u!4 &8425657970483867516
Transform:
  m_ObjectHideFlags: 0
  m_CorrespondingSourceObject: {fileID: 0}
  m_PrefabInstance: {fileID: 0}
  m_PrefabAsset: {fileID: 0}
  m_GameObject: {fileID: 8315377332511748562}
  m_LocalRotation: {x: -0, y: -0, z: -0, w: 1}
  m_LocalPosition: {x: -1.154589, y: 0.2017, z: 0}
  m_LocalScale: {x: 1, y: 1, z: 1}
  m_Children: []
  m_Father: {fileID: 0}
  m_RootOrder: 3
  m_LocalEulerAnglesHint: {x: 0, y: 0, z: 0}
